%--------------------------------------------------------------------%
% File ini berisi list Daftar Pustaka. Entry pustaka berikut dapat disitasi 
% kedalam badan dokumen menggunakan command \cite{label}
%
% NB: Daftar Pustaka hanya akan memunculkan entry yang disitasi 
% dalam badan dokumen. Jika tidak, maka tidak akan muncul
%--------------------------------------------------------------------%
@article{nuroji2022penerapan,
  title={Penerapan Multi-Attribute Utility Theory (MAUT) Dalam Penentuan Pegawai Terbaik},
  author={Nuroji, Nuroji},
  journal={Jurnal Ilmiah Informatika Dan Ilmu Komputer (JIMA-ILKOM)},
  volume={1},
  number={2},
  pages={46--53},
  year={2022}
}

@article{andika2024sistem,
  title={Sistem Pendukung Keputusan Menentukan Pegawai Terbaik Dengan Metode Multi Atribut Utility Theory},
  author={Andika, Beni and Yakub, Suardi and Calam, Ahmad and others},
  journal={Jurnal SAINTIKOM (Jurnal Sains Manajemen Informatika dan Komputer)},
  volume={23},
  number={1},
  pages={159--170},
  year={2024}
}

@book{knuth2001art,
	title={The Art of Computer Programming: Fundamental Algorithms},
	author={Knuth, D.E.},
	number={v. 1},
	isbn={9780201896831},
	series={The Art of Computer Programming: Fundamental Algorithms},
	year={2001},
	publisher={Addison-Wesley}
}

@INPROCEEDINGS{Vogels2006Am,
	author={W. Vogels},
	booktitle={2006 IEEE International Conference on Services Computing (SCC'06)},
	title={Web Services at Amazon.com},
	year={2006},
	pages={xxii-xxii},
	keywords={Distributed computing;Technological innovation;Web services},
	doi={10.1109/SCC.2006.116},
	month={Sept}
}


@article{Suryanto2019MAE, 
    title={PENERAPAN METODE MEAN ABSOLUTE ERROR (MEA) DALAM ALGORITMA REGRESI LINEAR UNTUK PREDIKSI PRODUKSI PADI}, 
    author={Suryanto, Andik Adi and Muqtadir, Asfan}, 
    year={2019},
    journal={SAINTEKBU}, 
    volume={11}, 
    number={1}, 
    pages={78â€“83}, 
    url={https://ejournal.unwaha.ac.id/index.php/saintek/article/view/298},
    DOI={10.32764/saintekbu.v11i1.298} 
}

@article{cort2005maermse,
        title={ Advantages of the mean absolute error (MAE) over the root mean square error (RMSE) in assessing average model performance },
        author={ Cort J. Willmott and Kenji Matsuura },
        journal={ Climate Research },
        year={ 2005 },  
        volume={ 30 },
        pages={ 79-82 },
        number={ 1 },
        doi={ 10.3354/CR030079 },  
}